@article{AIessays2023,
author={Cingillioglu, Ilker},
journal={The International Journal of Information and Learning Technology},
pages={259-268},
title={Detecting AI-generated essays: the ChatGPT challenge},
volume={40},
number={3},
year={2023}
}

@article{DeepLearning2024,
author={Alhijawi, Bushra and Jarrar, Rawan and AbuAlRub, Aseel and Bader, Arwa},
journal={Neural Computing and Applications},
pages={91-104},
title={Deep learning detection method for large language models-generated scientific content},
volume={37},
year={2024}
}

@inproceedings{Approaches2024,
author={Tariq, Rasikh and F., Casillas-Muñoz and Ashraf, Waqar Muhammad and Ramírez-Montoya, Maria Soledad},
booktitle={2024 International Conference on Engineering & Computing Technologies (ICECT)}, 
title={Detecting Generative Artificial Intelligence Essays using Large Language Models: Machine and Deep Learning Approaches}, 
year={2024},
volume={},
number={},
pages={1-6},
keywords={Support vector machines;Accuracy;Education;Vectors;Robustness;Classification algorithms;Decision trees;Machine learning;Deep learning;Long Short-Term Memory;Support Vector Machine;Educational Innovation;Generative artificial intelligence;Higher education},
doi={10.1109/ICECT61618.2024.10581394}}


@online{stanford,
author = {{Andrew Myers}},
title = {AI‑Detectors Biased Against Non‑Native English Writers},
year = {2023},
month = may,
day = {15},
url = {https://hai.stanford.edu/news/ai-detectors-biased-against-non-native-english-writers},
urldate = {2025-06-13}
}

@book{Freepik, 
title={Writing free icon}, 
url={https://www.flaticon.com/free-icon/writing_12054824?related_id=12054818&origin=search}, 
journal={Flaticon}, 
author={Freepik}
} 

@misc{GeeksForGeeks, 
title={Support Vector Machine (SVM) algorithm}, 
url={https://www.geeksforgeeks.org/support-vector-machine-algorithm/}, journal={GeeksforGeeks}, 
publisher={Sanchhaya Education Private Limited}, 
author={aswathisasidharan}, 
year={2025}, 
month={May}
} 

@misc{Copyleaks, 
url={https://copyleaks.com/ai-content-detector}, 
journal={Copyleaks}, 
publisher={Copyleaks}
} 

@misc{Grammarly, 
url={https://www.grammarly.com/ai-detector}, 
journal={Free AI Detector | GPT-4, GPT-3, & ChatGPT AI Checker}, 
publisher={Grammarly}
} 

@misc{GPTZero,
 url={https://gptzero.me/}, 
 journal={GPTZero}
 } 

